<?xml version="1.0" encoding="UTF-8"?>
<record xmlns="http://www.loc.gov/MARC21/slim" xmlns:xsi="http://www.w3.org/2001/XMLSchema-instance" xsi:schemaLocation="http://www.loc.gov/MARC21/slim http://www.loc.gov/standards/marcxml/schema/MARC21slim.xsd">
<leader>     nam a2200253 a 4500</leader>
<controlfield tag="001">001272312</controlfield>
<controlfield tag="003">NNU</controlfield>
<controlfield tag="005">20061010172810.0</controlfield>
<controlfield tag="008">970806s1947    ua            000 0 ara d</controlfield>
<datafield tag="010" ind1=" " ind2=" ">
<subfield code="a">ne 67001913</subfield>
</datafield>
<datafield tag="035" ind1="9" ind2=" ">
<subfield code="a">NYUb11656102</subfield>
</datafield>
<datafield tag="035" ind1=" " ind2=" ">
<subfield code="a">(NNU)NYUb11656102</subfield>
</datafield>
<datafield tag="035" ind1=" " ind2=" ">
<subfield code="a">(CStRLIN)NYUG97-B2535</subfield>
</datafield>
<datafield tag="040" ind1=" " ind2=" ">
<subfield code="a">PU</subfield>
<subfield code="c">PSt</subfield>
<subfield code="d">NNU</subfield>
</datafield>
<datafield tag="050" ind1="0" ind2=" ">
<subfield code="a">DT95.5</subfield>
<subfield code="b">.S43 1947</subfield>
</datafield>
<datafield tag="050" ind1=" " ind2="4">
<subfield code="a">DT95.5</subfield>
<subfield code="b">.S43 1947</subfield>
</datafield>
<datafield tag="066" ind1=" " ind2=" ">
<subfield code="c">(3</subfield>
</datafield>
<datafield tag="090" ind1=" " ind2=" ">
<subfield code="a">DT95.5</subfield>
<subfield code="b">.S43 1947</subfield>
</datafield>
<datafield tag="100" ind1="1" ind2=" ">
<subfield code="a">Shayyāl, Jamāl al-Dīn.</subfield>
</datafield>
<datafield tag="245" ind1="1" ind2="0">
<subfield code="a">Miṣr wa-al-Shām bayna dawlatayn :</subfield>
<subfield code="b">qiṣṣah tārīkhīyah taṣifu al-aḥdāth fī al-quṭrayn al-shaqīqayn bayna sanatay 558, 569 ibbāna inḥilāl al-dawlah al-Fāṭimīyah wa-qiyām dawlat Banī Ayyūb /</subfield>
<subfield code="c">taʼlīf Jamāl al-Dīn al-Shayyāl.</subfield>
</datafield>
<datafield tag="260" ind1=" " ind2=" ">
<subfield code="a">al-Qāhirah :</subfield>
<subfield code="b">Dār al-Fikr al-ʻArabī,</subfield>
<subfield code="c">[1947?]</subfield>
</datafield>
<datafield tag="300" ind1=" " ind2=" ">
<subfield code="a">254 p. ;</subfield>
<subfield code="c">21 cm.</subfield>
</datafield>
<datafield tag="651" ind1=" " ind2="0">
<subfield code="a">Egypt</subfield>
<subfield code="x">History</subfield>
<subfield code="y">640-1250.</subfield>
</datafield>
<datafield tag="651" ind1=" " ind2="0">
<subfield code="a">Syria</subfield>
<subfield code="x">History.</subfield>
</datafield>
<datafield tag="OWN" ind1=" " ind2=" ">
<subfield code="a">GENERAL</subfield>
</datafield>
<datafield tag="998" ind1=" " ind2=" ">
<subfield code="e">uhol</subfield>
<subfield code="n">NNU</subfield>
<subfield code="s">1</subfield>
<subfield code="t">c</subfield>
<subfield code="z">e</subfield>
</datafield>
<datafield tag="AVA" ind1=" " ind2=" ">
<subfield code="a">NYU50</subfield>
<subfield code="b">BOBST</subfield>
<subfield code="c">Main Collection</subfield>
<subfield code="d">DT95.5 .S43 1947</subfield>
<subfield code="e">unavailable</subfield>
<subfield code="t">Unavailable</subfield>
<subfield code="f">1</subfield>
<subfield code="g">1</subfield>
<subfield code="h">N</subfield>
<subfield code="i">0</subfield>
<subfield code="j">MAIN</subfield>
<subfield code="k">0</subfield>
</datafield>
</record>
